% begin introduction
@article{runge_density-functional_1984,
	title = {Density-{Functional} {Theory} for {Time}-{Dependent} {Systems}},
	volume = {52},
	issn = {0031-9007},
	url = {https://link.aps.org/doi/10.1103/PhysRevLett.52.997},
	doi = {10.1103/PhysRevLett.52.997},
	language = {en},
	number = {12},
	urldate = {2022-12-15},
	journal = {Physical Review Letters},
	author = {Runge, Erich and Gross, E. K. U.},
	month = mar,
	year = {1984},
	pages = {997--1000},
}


@article{xu_memory_2021,
	title = {In‐{Memory} {Stateful} {Logic} {Computing} {Using} {Memristors}: {Gate}, {Calculation}, and {Application}},
	volume = {15},
	issn = {1862-6254, 1862-6270},
	shorttitle = {In‐{Memory} {Stateful} {Logic} {Computing} {Using} {Memristors}},
	url = {https://onlinelibrary.wiley.com/doi/10.1002/pssr.202100208},
	doi = {10.1002/pssr.202100208},
	language = {en},
	number = {9},
	urldate = {2022-10-16},
	journal = {physica status solidi (RRL) – Rapid Research Letters},
	author = {Xu, Nuo and Park, Taegyun and Yoon, Kyung Jean and Hwang, Cheol Seong},
	month = sep,
	year = {2021},
	pages = {2100208},
}

@article{strukov_missing_2008,
	title = {The missing memristor found},
	volume = {453},
	issn = {0028-0836, 1476-4687},
	url = {http://www.nature.com/articles/nature06932},
	doi = {10.1038/nature06932},
	language = {en},
	number = {7191},
	urldate = {2022-10-16},
	journal = {Nature},
	author = {Strukov, Dmitri B. and Snider, Gregory S. and Stewart, Duncan R. and Williams, R. Stanley},
	month = may,
	year = {2008},
	pages = {80--83},
}

@article{gumyusenge_semiconducting_2018,
	title = {Semiconducting polymer blends that exhibit stable charge transport at high temperatures},
	volume = {362},
	issn = {0036-8075, 1095-9203},
	url = {https://www.science.org/doi/10.1126/science.aau0759},
	doi = {10.1126/science.aau0759},
	language = {en},
	number = {6419},
	urldate = {2022-10-16},
	journal = {Science},
	author = {Gumyusenge, Aristide and Tran, Dung T. and Luo, Xuyi and Pitch, Gregory M. and Zhao, Yan and Jenkins, Kaelon A. and Dunn, Tim J. and Ayzner, Alexander L. and Savoie, Brett M. and Mei, Jianguo},
	month = dec,
	year = {2018},
	pages = {1131--1134},
}

@article{valov_nanobatteries_2013,
	title = {Nanobatteries in redox-based resistive switches require extension of memristor theory},
	volume = {4},
	issn = {2041-1723},
	url = {http://www.nature.com/articles/ncomms2784},
	doi = {10.1038/ncomms2784},
	language = {en},
	number = {1},
	urldate = {2022-10-16},
	journal = {Nature Communications},
	author = {Valov, I. and Linn, E. and Tappertzhofen, S. and Schmelzer, S. and van den Hurk, J. and Lentz, F. and Waser, R.},
	month = jun,
	year = {2013},
	pages = {1771},
	file = {Full Text:/home/zhong/Zotero/storage/9F2NAUJA/Valov et al. - 2013 - Nanobatteries in redox-based resistive switches re.pdf:application/pdf},
}

@article{wang_networking_2021,
	title = {Networking retinomorphic sensor with memristive crossbar for brain-inspired visual perception},
	volume = {8},
	issn = {2095-5138, 2053-714X},
	url = {https://academic.oup.com/nsr/article/doi/10.1093/nsr/nwaa172/5876368},
	doi = {10.1093/nsr/nwaa172},
	language = {en},
	number = {2},
	urldate = {2022-10-16},
	journal = {National Science Review},
	author = {Wang, Shuang and Wang, Chen-Yu and Wang, Pengfei and Wang, Cong and Li, Zhu-An and Pan, Chen and Dai, Yitong and Gao, Anyuan and Liu, Chuan and Liu, Jian and Yang, Huafeng and Liu, Xiaowei and Cheng, Bin and Chen, Kunji and Wang, Zhenlin and Watanabe, Kenji and Taniguchi, Takashi and Liang, Shi-Jun and Miao, Feng},
	month = feb,
	year = {2021},
	pages = {nwaa172},
}

@article{boyn_learning_2017,
	title = {Learning through ferroelectric domain dynamics in solid-state synapses},
	volume = {8},
	issn = {2041-1723},
	url = {http://www.nature.com/articles/ncomms14736},
	doi = {10.1038/ncomms14736},
	language = {en},
	number = {1},
	urldate = {2022-10-16},
	journal = {Nature Communications},
	author = {Boyn, Sören and Grollier, Julie and Lecerf, Gwendal and Xu, Bin and Locatelli, Nicolas and Fusil, Stéphane and Girod, Stéphanie and Carrétéro, Cécile and Garcia, Karin and Xavier, Stéphane and Tomas, Jean and Bellaiche, Laurent and Bibes, Manuel and Barthélémy, Agnès and Saïghi, Sylvain and Garcia, Vincent},
	month = apr,
	year = {2017},
	pages = {14736},
	file = {Full Text:/home/zhong/Zotero/storage/88537UJC/Boyn et al. - 2017 - Learning through ferroelectric domain dynamics in .pdf:application/pdf},
}

@article{ambrogio_unsupervised_2016,
	title = {Unsupervised {Learning} by {Spike} {Timing} {Dependent} {Plasticity} in {Phase} {Change} {Memory} ({PCM}) {Synapses}},
	volume = {10},
	issn = {1662-453X},
	url = {http://journal.frontiersin.org/Article/10.3389/fnins.2016.00056/abstract},
	doi = {10.3389/fnins.2016.00056},
	urldate = {2022-10-16},
	journal = {Frontiers in Neuroscience},
	author = {Ambrogio, Stefano and Ciocchini, Nicola and Laudato, Mario and Milo, Valerio and Pirovano, Agostino and Fantini, Paolo and Ielmini, Daniele},
	month = mar,
	year = {2016},
	file = {Full Text:/home/zhong/Zotero/storage/AQT9Y4U4/Ambrogio et al. - 2016 - Unsupervised Learning by Spike Timing Dependent Pl.pdf:application/pdf},
}

@article{mott_electrons_1967,
	title = {Electrons in disordered structures},
	volume = {16},
	issn = {0001-8732, 1460-6976},
	url = {http://www.tandfonline.com/doi/abs/10.1080/00018736700101265},
	doi = {10.1080/00018736700101265},
	language = {en},
	number = {61},
	urldate = {2022-10-16},
	journal = {Advances in Physics},
	author = {Mott, N.F.},
	month = jan,
	year = {1967},
	pages = {49--144},
}

@book{hook_solid_1991,
	address = {Chichester ; New York},
	edition = {2nd ed},
	series = {The {Manchester} physics series},
	title = {Solid state physics},
	isbn = {978-0-471-92804-1 978-0-471-92805-8},
	publisher = {Wiley},
	author = {Hook, J. R. and Hall, H. E. and Hall, H. E.},
	year = {1991},
	keywords = {Solid state physics},
	annote = {Rev. ed. of: Solid state physics / H.E. Hall. 1st ed. 1974},
}

@article{andersen_practical_2019,
	title = {A {Practical} {Guide} to {Surface} {Kinetic} {Monte} {Carlo} {Simulations}},
	volume = {7},
	issn = {2296-2646},
	url = {https://www.frontiersin.org/article/10.3389/fchem.2019.00202/full},
	doi = {10.3389/fchem.2019.00202},
	urldate = {2022-12-08},
	journal = {Frontiers in Chemistry},
	author = {Andersen, Mie and Panosetti, Chiara and Reuter, Karsten},
	month = apr,
	year = {2019},
	pages = {202},
	file = {Full Text:/home/zhong/Zotero/storage/LQBY4R77/Andersen et al. - 2019 - A Practical Guide to Surface Kinetic Monte Carlo S.pdf:application/pdf},
}

@article{kolesnikov_kinetic_2018,
	title = {Kinetic {Monte} {Carlo} {Method}: {Mathematical} {Foundations} and {Applications} for {Physics} of {Low}-{Dimensional} {Nanostructures}},
	volume = {10},
	issn = {2070-0482, 2070-0490},
	shorttitle = {Kinetic {Monte} {Carlo} {Method}},
	url = {http://link.springer.com/10.1134/S2070048218050071},
	doi = {10.1134/S2070048218050071},
	language = {en},
	number = {5},
	urldate = {2022-12-08},
	journal = {Mathematical Models and Computer Simulations},
	author = {Kolesnikov, S. V. and Saletsky, A. M. and Dokukin, S. A. and Klavsyuk, A. L.},
	month = sep,
	year = {2018},
	pages = {564--587},
}
% end introduction

% begin background
@article{yu_molecular_2001,
	title = {Molecular geometry fluctuations and field-dependent mobility in conjugated polymers},
	volume = {63},
	issn = {0163-1829, 1095-3795},
	url = {https://link.aps.org/doi/10.1103/PhysRevB.63.085202},
	doi = {10.1103/PhysRevB.63.085202},
	language = {en},
	number = {8},
	urldate = {2022-10-16},
	journal = {Physical Review B},
	author = {Yu, Z. G. and Smith, D. L. and Saxena, A. and Martin, R. L. and Bishop, A. R.},
	month = feb,
	year = {2001},
	pages = {085202},
}

@book{jansen_introduction_2012,
	address = {Berlin, Heidelberg},
	series = {Lecture {Notes} in {Physics}},
	title = {An {Introduction} to {Kinetic} {Monte} {Carlo} {Simulations} of {Surface} {Reactions}},
	volume = {856},
	isbn = {978-3-642-29487-7 978-3-642-29488-4},
	url = {http://link.springer.com/10.1007/978-3-642-29488-4},
	urldate = {2022-10-16},
	publisher = {Springer Berlin Heidelberg},
	author = {Jansen, A.P.J.},
	year = {2012},
	doi = {10.1007/978-3-642-29488-4},
	file = {Submitted Version:/home/zhong/Zotero/storage/FRWZR58K/Jansen - 2012 - An Introduction to Kinetic Monte Carlo Simulations.pdf:application/pdf},
}

@article{pasveer_unified_2005,
	title = {Unified {Description} of {Charge}-{Carrier} {Mobilities} in {Disordered} {Semiconducting} {Polymers}},
	volume = {94},
	issn = {0031-9007, 1079-7114},
	url = {https://link.aps.org/doi/10.1103/PhysRevLett.94.206601},
	doi = {10.1103/PhysRevLett.94.206601},
	language = {en},
	number = {20},
	urldate = {2022-10-16},
	journal = {Physical Review Letters},
	author = {Pasveer, W. F. and Cottaar, J. and Tanase, C. and Coehoorn, R. and Bobbert, P. A. and Blom, P. W. M. and de Leeuw, D. M. and Michels, M. A. J.},
	month = may,
	year = {2005},
	pages = {206601},
	file = {Submitted Version:/home/zhong/Zotero/storage/MKGRKDE3/Pasveer et al. - 2005 - Unified Description of Charge-Carrier Mobilities i.pdf:application/pdf},
}

@article{bassler_charge_1993,
	title = {Charge {Transport} in {Disordered} {Organic} {Photoconductors} a {Monte} {Carlo} {Simulation} {Study}},
	volume = {175},
	issn = {03701972, 15213951},
	url = {https://onlinelibrary.wiley.com/doi/10.1002/pssb.2221750102},
	doi = {10.1002/pssb.2221750102},
	language = {de},
	number = {1},
	urldate = {2022-10-16},
	journal = {physica status solidi (b)},
	author = {Bässler, H.},
	month = jan,
	year = {1993},
	pages = {15--56},
}

% end background

% theory 
% end theory

@article{ruhle_microscopic_2011,
        title = {Microscopic {Simulations} of {Charge} {Transport} in {Disordered} {Organic} {Semiconductors}},
        volume = {7},
        issn = {1549-9618, 1549-9626},
        url = {https://pubs.acs.org/doi/10.1021/ct200388s},
        doi = {10.1021/ct200388s},
        language = {en},
        number = {10},
        urldate = {2022-05-25},
        journal = {Journal of Chemical Theory and Computation},
        author = {Rühle, Victor and Lukyanov, Alexander and May, Falk and Schrader, Manuel and Vehoff, Thorsten and Kirkpatrick, James and Baumeier, Björn and Andrienko, Denis},
        month = oct,
        year = {2011},
        pages = {3335--3345},
        file = {Full Text:/home/zhong/Zotero/storage/MZTRYF2M/Rühle et al. - 2011 - Microscopic Simulations of Charge Transport in Dis.pdf:application/pdf},
}

@article{baumeier_stochastic_2012,
        title = {Stochastic modeling of molecular charge transport networks},
        volume = {86},
        issn = {1098-0121, 1550-235X},
        url = {https://link.aps.org/doi/10.1103/PhysRevB.86.184202},
        doi = {10.1103/PhysRevB.86.184202},
        language = {en},
        number = {18},
        urldate = {2022-05-25},
        journal = {Physical Review B},
        author = {Baumeier, Björn and Stenzel, Ole and Poelking, Carl and Andrienko, Denis and Schmidt, Volker},
        month = nov,
        year = {2012},
        pages = {184202},
}

@article{brereton_efficient_2014,
        title = {Efficient {Simulation} of {Markov} {Chains} {Using} {Segmentation}},
        volume = {16},
        issn = {1387-5841, 1573-7713},
        url = {http://link.springer.com/10.1007/s11009-013-9327-x},
        doi = {10.1007/s11009-013-9327-x},
        language = {en},
        number = {2},
        urldate = {2022-05-25},
        journal = {Methodology and Computing in Applied Probability},
        author = {Brereton, Tim and Stenzel, Ole and Baumeier, Björn and Andrienko, Denis and Schmidt, Volker and Kroese, Dirk},
        month = jun,
        year = {2014},
        pages = {465--484},
}

@article{schonherr_dispersive_1981,
        title = {Dispersive hopping transport via sites having a {Gaussian} distribution of energies},
        volume = {44},
        issn = {1364-2812, 1463-6417},
        url = {https://www.tandfonline.com/doi/full/10.1080/01418638108222366},
        doi = {10.1080/01418638108222366},
        language = {en},
        number = {1},
        urldate = {2022-05-25},
        journal = {Philosophical Magazine B},
        author = {Schönherr, G. and Bässler, H. and Silver, M.},
        month = jul,
        year = {1981},
        pages = {47--61},
}

@book{norris_markov_1998,
        address = {Cambridge, UK ; New York},
        edition = {1st pbk. ed},
        series = {Cambridge series on statistical and probabilistic mathematics},
        title = {Markov chains},
        isbn = {978-0-521-48181-6 978-0-521-63396-3},
        publisher = {Cambridge University Press},
        author = {Norris, J. R.},
        year = {1998},
        keywords = {Markov processes},
}

@article{caylak_evolutionary_2019,
        title = {Evolutionary {Approach} to {Constructing} a {Deep} {Feedforward} {Neural} {Network} for {Prediction} of {Electronic} {Coupling} {Elements} in {Molecular} {Materials}},
        volume = {15},
        issn = {1549-9618, 1549-9626},
        url = {https://pubs.acs.org/doi/10.1021/acs.jctc.8b01285},
        doi = {10.1021/acs.jctc.8b01285},
        language = {en},
        number = {3},
        urldate = {2022-06-01},
        journal = {Journal of Chemical Theory and Computation},
        author = {Çaylak, Onur and Yaman, Anil and Baumeier, Björn},
        month = mar,
        year = {2019},
        pages = {1777--1784},
        file = {Full Text:/home/zhong/Zotero/storage/G3CDPDZ8/Çaylak et al. - 2019 - Evolutionary Approach to Constructing a Deep Feedf.pdf:application/pdf},
}

@article{nagata_atomistic_2008,
        title = {Atomistic simulation on charge mobility of amorphous tris(8-hydroxyquinoline) aluminum ({Alq3}): {Origin} of {Poole}–{Frenkel}–type behavior},
        volume = {129},
        issn = {0021-9606, 1089-7690},
        shorttitle = {Atomistic simulation on charge mobility of amorphous tris(8-hydroxyquinoline) aluminum ({Alq3})},
        url = {http://aip.scitation.org/doi/10.1063/1.2949506},
        doi = {10.1063/1.2949506},
        language = {en},
        number = {3},
        urldate = {2022-06-17},
        journal = {The Journal of Chemical Physics},
        author = {Nagata, Yuki and Lennartz, Christian},
        month = jul,
        year = {2008},
        pages = {034709},
}

@article{cottaar_calculating_2006,
        title = {Calculating charge-carrier mobilities in disordered semiconducting polymers: {Mean} field and beyond},
        volume = {74},
        issn = {1098-0121, 1550-235X},
        shorttitle = {Calculating charge-carrier mobilities in disordered semiconducting polymers},
        url = {https://link.aps.org/doi/10.1103/PhysRevB.74.115204},
        doi = {10.1103/PhysRevB.74.115204},
        language = {en},
        number = {11},
        urldate = {2022-09-15},
        journal = {Physical Review B},
        author = {Cottaar, J. and Bobbert, P. A.},
        month = sep,
        year = {2006},
        pages = {115204},
        file = {Full Text:/home/zhong/Zotero/storage/M9PKQJWI/Cottaar and Bobbert - 2006 - Calculating charge-carrier mobilities in disordere.pdf:application/pdf},
}

@article{omura_master-equation-based_2021,
        title = {Master-equation-based approach to stochastic processes in few-electron systems and advanced considerations for practical applications},
        volume = {11},
        issn = {2158-3226},
        url = {https://aip.scitation.org/doi/10.1063/5.0064633},
        doi = {10.1063/5.0064633},
        language = {en},
        number = {11},
        urldate = {2022-09-15},
        journal = {AIP Advances},
        author = {Omura, Yasuhisa},
        month = nov,
        year = {2021},
        pages = {115123},
        file = {Full Text:/home/zhong/Zotero/storage/HGMU8CI4/Omura - 2021 - Master-equation-based approach to stochastic proce.pdf:application/pdf},
}

@book{ross_introduction_2014,
        address = {Amsterdam ; Boston},
        edition = {Eleventh edition},
        title = {Introduction to probability models},
        isbn = {978-0-12-407948-9},
        publisher = {Elsevier},
        author = {Ross, Sheldon M.},
        year = {2014},
        keywords = {Probabilities},
}

@book{stoyan_stochastic_2013,
        address = {Chichester, West Sussex, United Kingdom},
        edition = {Third edition},
        series = {Wiley series in probability and statistics},
        title = {Stochastic geometry and its applications},
        isbn = {978-1-118-65823-9 978-1-118-65825-3 978-1-118-65824-6},
        language = {eng},
        publisher = {John Wiley \& Sons Inc},
        author = {Stoyan, Dietrich and Chiu, Sung Nok and Kendall, W. S. and Mecke, Joseph},
        year = {2013},
        keywords = {MATHEMATICS / Probability \& Statistics / General, Stochastic geometry},
        annote = {Revision of: Stochastic geometry and its applications / Dietrich Stoyan, Wilfrid S. Kendall, Joseph Mecke. -- 2nd ed. -- ©1995},
}
